@inproceedings{bailey2013exploring,
    title={Exploring storage class memory with key value stores},
    author={Bailey, Katelin A and Hornyack, Peter and Ceze, Luis and Gribble, Steven D and Levy, Henry M},
    booktitle={Proceedings of the 1st Workshop on Interactions of NVM/FLASH with Operating Systems and Workloads},
    pages={4},
    year={2013},
    organization={ACM}
}

@inproceedings{zhou2016nvht,
  title={NVHT: an efficient key-value storage library for non-volatile memory},
  author={Zhou, Jie and Shen, Yanyan and Li, Sumin and Huang, Linpeng},
  booktitle={Big Data Computing Applications and Technologies (BDCAT), 2016 IEEE/ACM 3rd International Conference on},
  pages={227--236},
  year={2016},
  organization={IEEE}
}

@inproceedings{wu2016nvmcached,
  title={NVMcached: An NVM-based Key-Value Cache},
  author={Wu, Xingbo and Ni, Fan and Zhang, Li and Wang, Yandong and Ren, Yufei and Hack, Michel and Shao, Zili and Jiang, Song},
  booktitle={Proceedings of the 7th ACM SIGOPS Asia-Pacific Workshop on Systems},
  pages={18},
  year={2016},
  organization={ACM}
}
