@inproceedings{oukid2017data,
    title={Data Structure Engineering For Byte-Addressable Non-Volatile Memory},
    author={Oukid, Ismail and Lehner, Wolfgang},
    booktitle={Proceedings of the 2017 ACM International Conference on Management of Data},
    pages={1759--1764},
    year={2017},
    organization={ACM}
}

@inproceedings{wu2011scmfs,
    author = {Wu, Xiaojian and Reddy, A. L. Narasimha},
    title = {SCMFS: A File System for Storage Class Memory},
    booktitle = {Proceedings of 2011 International Conference for High Performance Computing, Networking, Storage and Analysis},
    series = {SC '11},
    year = {2011},
    isbn = {978-1-4503-0771-0},
    location = {Seattle, Washington},
    pages = {39:1--39:11},
    articleno = {39},
    numpages = {11},
    url = {http://doi.acm.org/10.1145/2063384.2063436},
    doi = {10.1145/2063384.2063436},
    acmid = {2063436},
    publisher = {ACM},
    address = {New York, NY, USA},
}

@inproceedings{dulloor2014system,
    author = {Dulloor, Subramanya R. and Kumar, Sanjay and Keshavamurthy, Anil and Lantz, Philip and Reddy, Dheeraj and Sankaran, Rajesh and Jackson, Jeff},
    title = {System Software for Persistent Memory},
    booktitle = {Proceedings of the Ninth European Conference on Computer Systems},
    series = {EuroSys '14},
    year = {2014},
    isbn = {978-1-4503-2704-6},
    location = {Amsterdam, The Netherlands},
    pages = {15:1--15:15},
    articleno = {15},
    numpages = {15},
    url = {http://doi.acm.org/10.1145/2592798.2592814},
    doi = {10.1145/2592798.2592814},
    acmid = {2592814},
    publisher = {ACM},
    address = {New York, NY, USA},
}

@misc{jedec2017nvdimm,
    author = "JEDEC",
    title = "JEDEC DDR5 \& NVDIMM-P Standards Under Development",
    month = "March",
    year = "2017",
    howpublished =  {\url{https://www.jedec.org/news/pressreleases/jedec-ddr5-nvdimm-p-standards-under-development}}
}

@misc{intel2017nvdimm,
    author = "Intel Corp.",
    title = "NVDIMM Block Window Driver Writer's Guide",
    month = "July",
    year = "2016",
    howpublished =  {\url{http://pmem.io/documents/NVDIMM_DriverWritersGuide-July-2016.pdf}}
}

@INPROCEEDINGS{oe2016feasibility,
    author={K. Oe and T. Nanri and K. Okamura},
    booktitle={2016 Fourth International Symposium on Computing and Networking (CANDAR)},
    title={Feasibility Study for Building Hybrid Storage System Consisting of Non-volatile DIMM and SSD},
    year={2016},
    pages={454-457},
    doi={10.1109/CANDAR.2016.0085},
    month={Nov}
}

@article{wu1994envy,
    author = {Wu, Michael and Zwaenepoel, Willy},
    title = {eNVy: A Non-volatile, Main Memory Storage System},
    journal = {SIGPLAN Not.},
    issue_date = {Nov. 1994},
    volume = {29},
    number = {11},
    month = {November},
    year = {1994},
    issn = {0362-1340},
    pages = {86--97},
    numpages = {12},
    url = {http://doi.acm.org/10.1145/195470.195506},
    doi = {10.1145/195470.195506},
    acmid = {195506},
    publisher = {ACM},
    address = {New York, NY, USA},
}

@inproceedings{shi2010write,
    author = {Shi, Liang and Xue, Chun Jason and Hu, Jingtong and Tseng, Wei-Che and Zhou, Xuehai and Sha, Edwin H.-M.},
    title = {Write Activity Reduction on Flash Main Memory via Smart Victim Cache},
    booktitle = {Proceedings of the 20th Symposium on Great Lakes Symposium on VLSI},
    series = {GLSVLSI '10},
    year = {2010},
    isbn = {978-1-4503-0012-4},
    location = {Providence, Rhode Island, USA},
    pages = {91--94},
    numpages = {4},
    url = {http://doi.acm.org/10.1145/1785481.1785503},
    doi = {10.1145/1785481.1785503},
    acmid = {1785503},
    publisher = {ACM},
    address = {New York, NY, USA},
    keywords = {cache, main memory, nand flash memory, victim cache},
}

@inproceedings{condit2009better,
    title={Better I/O through byte-addressable, persistent memory},
    author={Condit, Jeremy and Nightingale, Edmund B and Frost, Christopher and Ipek, Engin and Lee, Benjamin and Burger, Doug and Coetzee, Derrick},
    booktitle={Proceedings of the ACM SIGOPS 22nd symposium on Operating systems principles},
    pages={133--146},
    year={2009},
    organization={ACM}
}
