@ARTICLE{molina1992main,
    author = {Hector Garcia-molina and Kenneth Salem},
    title = {Main memory database systems: An overview},
    journal = {IEEE Transactions on Knowledge and Data Engineering},
    year = {1992},
    volume = {4},
    pages = {509--516}
}
