@article{bernstein1983multiversion,
  title={Multiversion concurrency controlâ€”theory and algorithms},
  author={Bernstein, Philip A and Goodman, Nathan},
  journal={ACM Transactions on Database Systems (TODS)},
  volume={8},
  number={4},
  pages={465--483},
  year={1983},
  publisher={ACM}
}

@inproceedings{stearns1981distributed,
  title={Distributed database concurrency controls using before-values},
  author={Stearns, Richard E and Rosenkrantz, Daniel J},
  booktitle={Proceedings of the 1981 ACM SIGMOD international conference on Management of data},
  pages={74--83},
  year={1981},
  organization={ACM}
}

@inproceedings{berenson1995critique,
  title={A critique of ANSI SQL isolation levels},
  author={Berenson, Hal and Bernstein, Phil and Gray, Jim and Melton, Jim and O'Neil, Elizabeth and O'Neil, Patrick},
  booktitle={ACM SIGMOD Record},
  volume={24},
  number={2},
  pages={1--10},
  year={1995},
  organization={ACM}
}

@article{hadzilacos1986algorithmic,
  title={Algorithmic aspects of multiversion concurrency control},
  author={Hadzilacos, Thanasis and Papadimitriou, Christos H},
  journal={Journal of Computer and System Sciences},
  volume={33},
  number={2},
  pages={297--310},
  year={1986},
  publisher={Elsevier}
}

@inproceedings{neumann2015fast,
  title={Fast serializable multi-version concurrency control for main-memory database systems},
  author={Neumann, Thomas and M{\"u}hlbauer, Tobias and Kemper, Alfons},
  booktitle={Proceedings of the 2015 ACM SIGMOD International Conference on Management of Data},
  pages={677--689},
  year={2015},
  organization={ACM}
}

@article{larson2011high,
  title={High-performance concurrency control mechanisms for main-memory databases},
  author={Larson, Per-{\AA}ke and Blanas, Spyros and Diaconu, Cristian and Freedman, Craig and Patel, Jignesh M and Zwilling, Mike},
  journal={Proceedings of the VLDB Endowment},
  volume={5},
  number={4},
  pages={298--309},
  year={2011},
  publisher={VLDB Endowment}
}

@article{kung1981optimistic,
  title={On optimistic methods for concurrency control},
  author={Kung, Hsiang-Tsung and Robinson, John T},
  journal={ACM Transactions on Database Systems (TODS)},
  volume={6},
  number={2},
  pages={213--226},
  year={1981},
  publisher={ACM}
}

@book{carey1983multiple,
  title={Multiple versions and the performance of optimistic concurrency control},
  author={Carey, Michael J},
  year={1983},
  publisher={Computer Sciences Department, University of Wisconsin, Madison}
}

@article{carey1986performance,
  title={The performance of multiversion concurrency control algorithms},
  author={Carey, Michael J and Muhanna, Waleed A},
  journal={ACM Transactions on Computer Systems (TOCS)},
  volume={4},
  number={4},
  pages={338--378},
  year={1986},
  publisher={ACM}
}

@article{reed1978naming,
  title={Naming and synchronization in a decentralized computer system},
  author={Reed, David Patrick},
  year={1978},
  publisher={Massachusetts Institute of Technology}
}

@article{bayer1980parallelism,
  title={Parallelism and recovery in database systems},
  author={Bayer, Rudolf and Heller, Hans and Reiser, Angelika},
  journal={ACM Transactions on Database Systems (TODS)},
  volume={5},
  number={2},
  pages={139--156},
  year={1980},
  publisher={ACM}
}

@inproceedings{bayer1980distributed,
  title={Distributed concurrency control in database systems},
  author={Bayer, Rudolf and Elhardt, Klaus and Heller, Hans and Reiser, Angelika},
  booktitle={Proceedings of the sixth international conference on Very Large Data Bases-Volume 6},
  pages={275--284},
  year={1980},
  organization={VLDB Endowment}
}

@article{lee2013high,
  title={High-Performance Transaction Processing in SAP HANA.},
  author={Lee, Juchang and Muehle, Michael and May, Norman and Faerber, Franz and Sikka, Vishal and Plattner, Hasso and Krueger, Jens and Grund, Martin},
  journal={IEEE Data Eng. Bull.},
  volume={36},
  number={2},
  pages={28--33},
  year={2013}
}

@incollection{schwalb2015efficient,
  title={Efficient transaction processing for hyrise in mixed workload environments},
  author={Schwalb, David and Faust, Martin and Wust, Johannes and Grund, Martin and Plattner, Hasso},
  booktitle={In Memory Data Management and Analysis},
  pages={112--125},
  year={2015},
  publisher={Springer}
}

@inproceedings{schwalb2016hyrise,
  title={Hyrise-NV: Instant Recovery for In-Memory Databases Using Non-Volatile Memory},
  author={Schwalb, David and BK, Girish Kumar and Dreseler, Markus and Anusha, S and Faust, Martin and Hohl, Adolf and Berning, Tim and Makkar, Gaurav and Plattner, Hasso and Deshmukh, Parag},
  booktitle={International Conference on Database Systems for Advanced Applications},
  pages={267--282},
  year={2016},
  organization={Springer}
}

@inproceedings{oukid2014sofort,
  title={SOFORT: A hybrid SCM-DRAM storage engine for fast data recovery},
  author={Oukid, Ismail and Booss, Daniel and Lehner, Wolfgang and Bumbulis, Peter and Willhalm, Thomas},
  booktitle={Proceedings of the Tenth International Workshop on Data Management on New Hardware},
  pages={8},
  year={2014},
  organization={ACM}
}

@inproceedings{oukid2015instant,
  title={Instant Recovery for Main Memory Databases.},
  author={Oukid, Ismail and Lehner, Wolfgang and Kissinger, Thomas and Willhalm, Thomas and Bumbulis, Peter},
  booktitle={CIDR},
  year={2015}
}

@inproceedings{bailey2011operating,
  title={Operating System Implications of Fast, Cheap, Non-Volatile Memory.},
  author={Bailey, Katelin and Ceze, Luis and Gribble, Steven D and Levy, Henry M},
  booktitle={HotOS},
  volume={13},
  pages={2--2},
  year={2011}
}

@inproceedings{li1988multiprocessor,
  title={Multiprocessor main memory transaction processing},
  author={Li, Kai and Naughton, Jeffrey F},
  booktitle={Proceedings of the first international symposium on Databases in parallel and distributed systems},
  pages={177--187},
  year={1988},
  organization={IEEE Computer Society Press}
}

@article{garcia1992main,
  title={Main memory database systems: An overview},
  author={Garcia-Molina, Hector and Salem, Kenneth},
  journal={IEEE Transactions on knowledge and data engineering},
  volume={4},
  number={6},
  pages={509--516},
  year={1992},
  publisher={IEEE}
}

@article{fekete2004read,
  title={A read-only transaction anomaly under snapshot isolation},
  author={Fekete, Alan and O'Neil, Elizabeth and O'Neil, Patrick},
  journal={ACM SIGMOD Record},
  volume={33},
  number={3},
  pages={12--14},
  year={2004},
  publisher={ACM}
}

@article{fekete2005making,
  title={Making snapshot isolation serializable},
  author={Fekete, Alan and Liarokapis, Dimitrios and O'Neil, Elizabeth and O'Neil, Patrick and Shasha, Dennis},
  journal={ACM Transactions on Database Systems (TODS)},
  volume={30},
  number={2},
  pages={492--528},
  year={2005},
  publisher={ACM}
}

@article{cahill2009serializable,
  title={Serializable isolation for snapshot databases},
  author={Cahill, Michael J and R{\"o}hm, Uwe and Fekete, Alan D},
  journal={ACM Transactions on Database Systems (TODS)},
  volume={34},
  number={4},
  pages={20},
  year={2009},
  publisher={ACM}
}

@article{krueger2011fast,
  title={Fast updates on read-optimized databases using multi-core CPUs},
  author={Krueger, Jens and Kim, Changkyu and Grund, Martin and Satish, Nadathur and Schwalb, David and Chhugani, Jatin and Plattner, Hasso and Dubey, Pradeep and Zeier, Alexander},
  journal={Proceedings of the VLDB Endowment},
  volume={5},
  number={1},
  pages={61--72},
  year={2011},
  publisher={VLDB Endowment}
}

@inproceedings{sikka2012efficient,
  title={Efficient transaction processing in SAP HANA database: the end of a column store myth},
  author={Sikka, Vishal and F{\"a}rber, Franz and Lehner, Wolfgang and Cha, Sang Kyun and Peh, Thomas and Bornh{\"o}vd, Christof},
  booktitle={Proceedings of the 2012 ACM SIGMOD International Conference on Management of Data},
  pages={731--742},
  year={2012},
  organization={ACM}
}
